@article{frazier2018tutorial,
  title={A tutorial on Bayesian optimization},
  author={Frazier, Peter I},
  journal={arXiv preprint arXiv:1807.02811},
  year={2018}
}

@article{sorourifar2021data,
  title={A data-driven automatic tuning method for MPC under uncertainty using constrained Bayesian optimization},
  author={Sorourifar, Farshud and Makrygirgos, Georgios and Mesbah, Ali and Paulson, Joel A},
  journal={IFAC-PapersOnLine},
  volume={54},
  number={3},
  pages={243--250},
  year={2021},
  publisher={Elsevier}
}

@article{lu2020mpc,
  title={MPC controller tuning using Bayesian optimization techniques},
  author={Lu, Qiugang and Kumar, Ranjeet and Zavala, Victor M},
  journal={arXiv preprint arXiv:2009.14175},
  year={2020}
}

@article{gharib2021multi,
  title={Multi-Objective Optimization of a Path-following MPC for Vehicle Guidance: A Bayesian Optimization Approach},
  author={Gharib, Ali and Stenger, David and Ritschel, Robert and Vo{\ss}winkel, Rick},
  journal={arXiv preprint arXiv:2104.03773},
  year={2021}
}

@article{bao2021performance,
  title={A Performance-Driven MPC Algorithm for Underactuated Bridge Cranes},
  author={Bao, Hanqiu and Kang, Qi and An, Jing and Ma, Xianghua and Zhou, Mengchu},
  journal={Machines},
  volume={9},
  number={8},
  pages={177},
  year={2021},
  publisher={Multidisciplinary Digital Publishing Institute}
}

@article{rupenyan2021performance,
  title={Performance-based Trajectory Optimization for Path Following Control Using Bayesian Optimization},
  author={Rupenyan, Alisa and Khosravi, Mohammad and Lygeros, John},
  journal={arXiv preprint arXiv:2103.15416},
  year={2021}
}

@article{snoek2012practical,
  title={Practical bayesian optimization of machine learning algorithms},
  author={Snoek, Jasper and Larochelle, Hugo and Adams, Ryan P},
  journal={Advances in neural information processing systems},
  volume={25},
  year={2012}
}

@article{hewing2018cautious,
  author    = {Lukas Hewing and
               Alexander Liniger and
               Melanie N. Zeilinger},
  title     = {Cautious {NMPC} with Gaussian Process Dynamics for Miniature Race
               Cars},
  journal   = {CoRR},
  volume    = {abs/1711.06586},
  year      = {2017},
  url       = {http://arxiv.org/abs/1711.06586},
  eprinttype = {arXiv},
  eprint    = {1711.06586},
  timestamp = {Mon, 13 Aug 2018 16:48:08 +0200},
  biburl    = {https://dblp.org/rec/journals/corr/abs-1711-06586.bib},
  bibsource = {dblp computer science bibliography, https://dblp.org}
}

@misc{kinematicBicycleModel,
  title = {Self Driving Cars Specialization Coursera: Bicycle Model},
  author    = {Daniel S. Ingram},
  howpublished = {\url{https://github.com/daniel-s-ingram/self_driving_cars_specialization/blob/master/1_introduction_to_self_driving_cars/Kinematic_Bicycle_Model.ipynb}},
  note = {Accessed: 2022-01-23}
}